
@article{Lar11,
Author = {Laramee, Robert S.},
Title = {{How to Read a Visualization Research Paper: Extracting the Essentials}},
Journal = {{IEEE COMPUTER GRAPHICS AND APPLICATIONS}},
Year = {{2011}},
Volume = {{31}},
Number = {{3}},
Pages = {{78-82}},
Month = {{MAY-JUN}},
Publisher = {{IEEE COMPUTER SOC}},
Address = {{10662 LOS VAQUEROS CIRCLE, PO BOX 3014, LOS ALAMITOS, CA 90720-1314 USA}},
Type = {{Article}},
Language = {{English}},
Affiliation = {{Laramee, RS (Reprint Author), Swansea Univ, Dept Comp Sci, Swansea, W Glam, Wales..
   Swansea Univ, Dept Comp Sci, Swansea, W Glam, Wales.}},
ISSN = {{0272-1716}},
Keywords-Plus = {{OF-THE-ART; FLOW VISUALIZATION}},
Research-Areas = {{Computer Science}},
Web-of-Science-Categories  = {{Computer Science, Software Engineering}},
Author-Email = {{r.s.laramee@swansea.ac.uk}},
Funding-Acknowledgement = {{Engineering and Physical Sciences Research Council\{{[}\}EP/F002335/1]}},
Funding-Text = {{I'm indebted to Eugene Zhang of Oregon State University for valuable
   discussions and suggestions on this topic. I thank R. Daniel Bergeron
   from the University of New Hampshire, Durham, for teaching me the
   importance of a concept versus its implementation. Thanks to Jiang Yang,
   a former PhD candidate at Swansea University, for providing the impetus
   behind this article. Tony McLoughlin, Ed Grundy, and Dan Lipsa of
   Swansea University provided careful proofreading and feedback.
   Engineering and Physical Sciences Research Council Grant EP/F002335/1
   partly supported this research.}},
Number-of-Cited-References = {{23}},
Times-Cited = {{0}},
Journal-ISO = {{IEEE Comput. Graph. Appl.}},
Doc-Delivery-Number = {{753OW}},
Unique-ID = {{ISI:000289790100010}},
}
