% Encoding: ISO8859_1

@MISC{decreto_15-09-11,
  author = {Brasil},
  title = {Decreto de 15 de setembro de 2011},
  howpublished = {\url{http://www.planalto.gov.br/ccivil_03/_Ato2011-2014/2011/Dsn/Dsn13117.htm}},
  owner = {fatore},
  timestamp = {2012.04.10}
}

@MISC{Lei8429,
  author = {Brasil},
  title = {Lei número 8.429},
  howpublished = {\url{http://www.planalto.gov.br/ccivil_03/leis/l8429.htm}},
  owner = {fatore},
  timestamp = {2012.04.10}
}

@ONLINE{www.teste,
    author = {},
    title = {},
    month = jun,
    year = {2009},
    url = {}
}

@ONLINE{www.tse,
    author = {TSE},
    title = {Portal Eletrônico do Tribunal Superior Eleitoral},
    month = aug,
    year = {2012},
    url = {http://www.tse.jus.br/}
}

@ONLINE{www.datasus,
    author = {SUS},
    title = {DATASUS},
    month = aug,
    year = {2012},
    url = {http://www2.datasus.gov.br/DATASUS/index.php?area=01}
}

@ONLINE{www.tse-rep,
    author = {TSE},
    title = {Repositório de Dados Eleitorais},
    month = aug,
    year = {2012},
    url = {http://www.tse.jus.br/eleicoes/repositorio-de-dados-eleitorais}
}

@ONLINE{www.csv,
    author = {Wikipedia},
    title = {Comma-separated values},
    month = aug,
    year = {2012},
    url = {http://en.wikipedia.org/wiki/Comma-separated_values}
}
